<record><leader>00000cas a22000007a 4500</leader><controlfield tag="001">47742993</controlfield><controlfield tag="008">010808d19971998iluwr ne      0    0eng d</controlfield><datafield ind1=" " ind2=" " tag="010"><subfield code="a">sn2001063245</subfield></datafield><datafield ind1=" " ind2=" " tag="040"><subfield code="a">NVF</subfield><subfield code="b">eng</subfield><subfield code="c">NVF</subfield><subfield code="d">NVF</subfield><subfield code="d">OCLCF</subfield><subfield code="d">OCLCO</subfield></datafield><datafield ind1="1" ind2=" " tag="029"><subfield code="a">AU@</subfield><subfield code="b">000022915005</subfield></datafield><datafield ind1=" " ind2=" " tag="042"><subfield code="a">msc</subfield></datafield><datafield ind1=" " ind2=" " tag="043"><subfield code="a">n-us-il</subfield></datafield><datafield ind1="0" ind2="0" tag="245"><subfield code="a">Tremont times-prairie chronicle.</subfield></datafield><datafield ind1="3" ind2=" " tag="246"><subfield code="a">Tremont times prairie chronicle</subfield></datafield><datafield ind1=" " ind2=" " tag="260"><subfield code="a">Tremont, Ill. :</subfield><subfield code="b">Community Services Newspapers,</subfield><subfield code="c">1997-1998.</subfield></datafield><datafield ind1=" " ind2=" " tag="300"><subfield code="a">v.</subfield></datafield><datafield ind1=" " ind2=" " tag="310"><subfield code="a">Weekly</subfield></datafield><datafield ind1="0" ind2=" " tag="362"><subfield code="a">Vol. 9, no. 39 (Oct. 2, 1997)-v. 10, no. 15 (Apr. 23, 1998).</subfield></datafield><datafield ind1=" " ind2=" " tag="530"><subfield code="a">Preservation microfilmed by the University of Illinois at Urbana-Champaign Library as part of the United States Newspaper Program; the years 1997-1998 (on 1 microfilm reel) are available for purchase from OCLC Preservation Service Centers.</subfield></datafield><datafield ind1=" " ind2="0" tag="651"><subfield code="a">Tremont (Tazewell County, Ill.)</subfield><subfield code="v">Newspapers.</subfield></datafield><datafield ind1=" " ind2="4" tag="651"><subfield code="a">Mackinaw (Ill.)</subfield><subfield code="v">Newspapers.</subfield></datafield><datafield ind1=" " ind2="7" tag="655"><subfield code="a">Newspapers.</subfield><subfield code="2">fast</subfield><subfield code="0">(OCoLC)fst01423814</subfield></datafield><datafield ind1=" " ind2="7" tag="651"><subfield code="a">Illinois</subfield><subfield code="z">Tremont (Tazewell County)</subfield><subfield code="2">fast</subfield><subfield code="0">(OCoLC)fst01319438</subfield></datafield><datafield ind1=" " ind2=" " tag="752"><subfield code="a">United States</subfield><subfield code="b">Illinois</subfield><subfield code="c">Tazewell</subfield><subfield code="d">Tremont.</subfield></datafield><datafield ind1="0" ind2="0" tag="780"><subfield code="t">Tremont news prairie chronicle</subfield><subfield code="w">(DLC)sn2001063244</subfield><subfield code="w">(OCoLC)47742683</subfield></datafield><datafield ind1="0" ind2="4" tag="785"><subfield code="t">Morton times-news</subfield><subfield code="w">(DLC)sn2001063234</subfield><subfield code="w">(OCoLC)47629559</subfield></datafield></record>